@article{doi:10.1146/annurev.neuro.27.070203.144216,
author = {Pascual-Leone, Alvaro and Amedi, Amir and Fregni, Felipe and Merabet, Lotfi B.},
title = {THE PLASTIC HUMAN BRAIN CORTEX},
journal = {Annual Review of Neuroscience},
volume = {28},
number = {1},
pages = {377-401},
year = {2005},
doi = {10.1146/annurev.neuro.27.070203.144216},
    note ={PMID: 16022601},

URL = { 
        http://dx.doi.org/10.1146/annurev.neuro.27.070203.144216
    
}

} 

@BOOK{Hebb194912, 
title={The Organization of Behavior},
author={Donald O. Hebb},
publisher={John Wiley \& Sons Inc},
year={1949},
month={12},
edition={99th},
isbn={9780471367277},
url={http://amazon.com/o/ASIN/0471367273/},
totalpages={335},
timestamp={2014.12.16},
}

@BOOK{CooperIntratorBlaisShouval200404, 
title={Theory of Cortical Plasticity},
author={Leon N. Cooper and Nathan Intrator and Brian S. Blais and Harel Z. Shouval},
publisher={World Scientific Pub Co Inc},
year={2004},
month={4},
isbn={9789812387912},
url={http://amazon.com/o/ASIN/9812387919/},
price={$48.00},
totalpages={332},
timestamp={2014.12.16},
}

@article{Oja,
year={1982},
issn={0303-6812},
journal={Journal of Mathematical Biology},
volume={15},
number={3},
doi={10.1007/BF00275687},
title={Simplified neuron model as a principal component analyzer},
url={http://dx.doi.org/10.1007/BF00275687},
publisher={Springer-Verlag},
keywords={Neuron models; Synaptic plasticity; Stochastic approximation},
author={Oja, Erkki},
pages={267-273},
language={English}
} 

@Article{BCM1982,
   Author="Bienenstock, E. L.  and Cooper, L. N.  and Munro, P. W. ",
   Title="{{T}heory for the development of neuron selectivity: orientation specificity and binocular interaction in visual cortex}",
   Journal="J. Neurosci.",
   Year="1982",
   Volume="2",
   Number="1",
   Pages="32--48",
   Month="Jan"
}

@ARTICLE{FarleyClark1954, 
author={Farley, B.G. and Clark, W.}, 
journal={Information Theory, Transactions of the IRE Professional Group on}, 
title={Simulation of self-organizing systems by digital computer}, 
year={1954}, 
month={September}, 
volume={4}, 
number={4}, 
pages={76-84}, 
keywords={Computational modeling;Computer simulation;Contracts;Equations;Information systems;Laboratories;Mechanical factors;Organizing;TV;Tellurium;Time measurement;Transforms}, 
doi={10.1109/TIT.1954.1057468}, 
ISSN={2168-2690},}

@article{DBLP:journals/corr/Schmidhuber14,
  author    = {J{\"{u}}rgen Schmidhuber},
  title     = {Deep Learning in Neural Networks: An Overview},
  journal   = {CoRR},
  volume    = {abs/1404.7828},
  year      = {2014},
  url       = {http://arxiv.org/abs/1404.7828},
  timestamp = {Thu, 01 May 2014 14:56:20 +0200},
  biburl    = {http://dblp.uni-trier.de/rec/bib/journals/corr/Schmidhuber14},
  bibsource = {dblp computer science bibliography, http://dblp.org}
}
@article{MNIST035,
  author    = {Dan Claudiu Ciresan and
               Ueli Meier and
               Luca Maria Gambardella and
               J{\"{u}}rgen Schmidhuber},
  title     = {Deep Big Simple Neural Nets Excel on Handwritten Digit Recognition},
  journal   = {CoRR},
  volume    = {abs/1003.0358},
  year      = {2010},
  url       = {http://arxiv.org/abs/1003.0358},
  timestamp = {Mon, 05 Dec 2011 18:05:12 +0100},
  biburl    = {http://dblp.uni-trier.de/rec/bib/journals/corr/abs-1003-0358},
  bibsource = {dblp computer science bibliography, http://dblp.org}
}
@article{MNIST023,
  author    = {Dan C. Ciresan and
               Ueli Meier and
               J{\"{u}}rgen Schmidhuber},
  title     = {Multi-column Deep Neural Networks for Image Classification},
  journal   = {CoRR},
  volume    = {abs/1202.2745},
  year      = {2012},
  url       = {http://arxiv.org/abs/1202.2745},
  timestamp = {Fri, 22 Feb 2013 17:34:36 +0100},
  biburl    = {http://dblp.uni-trier.de/rec/bib/journals/corr/abs-1202-2745},
  bibsource = {dblp computer science bibliography, http://dblp.org}
}
@article{Arora2013,
  author    = {Sanjeev Arora and
               Aditya Bhaskara and
               Rong Ge and
               Tengyu Ma},
  title     = {Provable Bounds for Learning Some Deep Representations},
  journal   = {CoRR},
  volume    = {abs/1310.6343},
  year      = {2013},
  url       = {http://arxiv.org/abs/1310.6343},
  timestamp = {Mon, 04 Nov 2013 15:55:48 +0100},
  biburl    = {http://dblp.uni-trier.de/rec/bib/journals/corr/AroraBGM13},
  bibsource = {dblp computer science bibliography, http://dblp.org}
}
@article{GoogLeNet2014,
  author    = {Christian Szegedy and
               Wei Liu and
               Yangqing Jia and
               Pierre Sermanet and
               Scott Reed and
               Dragomir Anguelov and
               Dumitru Erhan and
               Vincent Vanhoucke and
               Andrew Rabinovich},
  title     = {Going Deeper with Convolutions},
  journal   = {CoRR},
  volume    = {abs/1409.4842},
  year      = {2014},
  url       = {http://arxiv.org/abs/1409.4842},
  timestamp = {Wed, 01 Oct 2014 15:00:05 +0200},
  biburl    = {http://dblp.uni-trier.de/rec/bib/journals/corr/SzegedyLJSRAEVR14},
  bibsource = {dblp computer science bibliography, http://dblp.org}
}
@article{Serre2007,
 author = {Serre, Thomas and Wolf, Lior and Bileschi, Stanley and Riesenhuber, Maximilian and Poggio, Tomaso},
 title = {Robust Object Recognition with Cortex-Like Mechanisms},
 journal = {IEEE Trans. Pattern Anal. Mach. Intell.},
 issue_date = {March 2007},
 volume = {29},
 number = {3},
 month = mar,
 year = {2007},
 issn = {0162-8828},
 pages = {411--426},
 numpages = {16},
 url = {http://dx.doi.org/10.1109/TPAMI.2007.56},
 doi = {10.1109/TPAMI.2007.56},
 acmid = {1263421},
 publisher = {IEEE Computer Society},
 address = {Washington, DC, USA},
 keywords = {Object recognition, Object recognition, model, visual cortex, scene understanding, neural network., model, neural network., scene understanding, visual cortex},
} 

@MISC{Serre2005,
    author = {Thomas Serre and Minjoon Kouh and Charles Cadieu and Ulf Knoblich and Gabriel Kreiman and Tomaso Poggio},
    title = {A theory of object recognition: computations and circuits in the feedforward path of the ventral stream in primate visual cortex},
    year = {2005}
}

@article{NTM,
  author    = {Alex Graves and
               Greg Wayne and
               Ivo Danihelka},
  title     = {Neural Turing Machines},
  journal   = {CoRR},
  volume    = {abs/1410.5401},
  year      = {2014},
  url       = {http://arxiv.org/abs/1410.5401},
  timestamp = {Sun, 02 Nov 2014 11:25:59 +0100},
  biburl    = {http://dblp.uni-trier.de/rec/bib/journals/corr/GravesWD14},
  bibsource = {dblp computer science bibliography, http://dblp.org}
}

@ARTICLE{Go,
   author = {{Clark}, C. and {Storkey}, A.},
    title = "{Teaching Deep Convolutional Neural Networks to Play Go}",
  journal = {ArXiv e-prints},
archivePrefix = "arXiv",
   eprint = {1412.3409},
 primaryClass = "cs.AI",
 keywords = {Computer Science - Artificial Intelligence, Computer Science - Learning, Computer Science - Neural and Evolutionary Computing},
     year = 2014,
    month = dec,
   adsurl = {http://adsabs.harvard.edu/abs/2014arXiv1412.3409C},
  adsnote = {Provided by the SAO/NASA Astrophysics Data System}
}


@misc{BCMSlides,
      title = "The BCM theory of cortical plasticity (դասընթացի սլայդեր), The University of Texas, Health Science Center at Houston, Shouval Lab",
      url = "http://nba.uth.tmc.edu/homepage/shouval/Assets/other/Lecture%203%20-%20BCM.pdf"
}

@ARTICLE{BCMScholarpedia,
AUTHOR = {Blais, B. S. and Cooper, L. },
TITLE   = {{B}{C}{M} theory},
YEAR	= 2008,
JOURNAL	= Scholarpedia,
VOLUME  = 3,
NUMBER  = 3,
PAGES   = 1570,
NOTE   = {{revision 91041}},
 url = "http://www.scholarpedia.org/article/BCM_rule"
}


@misc{WikiANNImage,
      title = "Wikipedia",
      url = "https://en.wikipedia.org/wiki/File:Artificial_neural_network.svg"
}

@misc{WikiANN,
      title = "Wikipedia",
      url = "https://en.wikipedia.org/wiki/Artificial_neural_network"
}


@misc{MNIST,
      title = "MNIST database",
      url = "http://yann.lecun.com/exdb/mnist/"
}
